@Book{mattebok,
	author =	"Timothy Sauer",
	title =		"Numerical Analysis 2nd ed.",
	publisher =	"Pearson Education",
	year =	"2006",
	address = 	"N/A"
}

